<record><leader>00000cas a22000007a 4500</leader><controlfield tag="001">13297622</controlfield><controlfield tag="008">860314d19001901wiuwr ne      0    0eng d</controlfield><datafield ind1=" " ind2=" " tag="010"><subfield code="a">sn 86086378 </subfield></datafield><datafield ind1=" " ind2=" " tag="040"><subfield code="a">NPV</subfield><subfield code="b">eng</subfield><subfield code="c">NPV</subfield><subfield code="d">OCLCQ</subfield></datafield><datafield ind1=" " ind2=" " tag="042"><subfield code="a">msc</subfield></datafield><datafield ind1=" " ind2=" " tag="045"><subfield code="a">x0x0</subfield></datafield><datafield ind1=" " ind2=" " tag="052"><subfield code="a">4123</subfield><subfield code="b">W5</subfield></datafield><datafield ind1="0" ind2=" " tag="130"><subfield code="a">Enterprise (Oconomowoc, Wis.)</subfield></datafield><datafield ind1="1" ind2="4" tag="245"><subfield code="a">The enterprise.</subfield></datafield><datafield ind1=" " ind2=" " tag="260"><subfield code="a">Oconomowoc, Wis. :</subfield><subfield code="b">Hathaway &amp; Palmer,</subfield><subfield code="c">1900-1901.</subfield></datafield><datafield ind1=" " ind2=" " tag="300"><subfield code="a">1 v.</subfield></datafield><datafield ind1=" " ind2=" " tag="310"><subfield code="a">Weekly</subfield></datafield><datafield ind1="0" ind2=" " tag="362"><subfield code="a">Vol. 1, no. 1 (Oct. 26, 1900)-v. 1, no. 19 (Mar. 1, 1901).</subfield></datafield><datafield ind1=" " ind2=" " tag="500"><subfield code="a">Editors: Hathaway &amp; Palmer.</subfield></datafield><datafield ind1=" " ind2=" " tag="530"><subfield code="a">Available on microfilm from The State Historical Society of Wisconsin.</subfield></datafield><datafield ind1=" " ind2=" " tag="752"><subfield code="a">United States</subfield><subfield code="b">Wisconsin</subfield><subfield code="c">Waukesha</subfield><subfield code="d">Oconomowoc.</subfield></datafield><datafield ind1="0" ind2="5" tag="780"><subfield code="t">Oconomowoc republican</subfield><subfield code="w">(DLC)sn 85040980</subfield></datafield><datafield ind1="0" ind2="0" tag="785"><subfield code="t">Oconomowoc enterprise</subfield><subfield code="w">(DLC)sn 86086379</subfield></datafield><datafield ind1="1" ind2=" " tag="029"><subfield code="a">AU@</subfield><subfield code="b">000025827884</subfield></datafield></record>